@book{buckland2001introduction,
  title={Introduction to Distance Sampling: Estimating Abundance of Biological Populations},
  author={Buckland, S.T.},
  isbn={9780198509271},
  lccn={2001033232},
  url={http://books.google.com/books?id=9-LiOqoKE9QC},
  year={2001},
  publisher={Oxford University Press}
}

@book{thompson2012sampling,
  title={Sampling},
  author={Thompson, S.K.},
  isbn={9780470402313},
  lccn={2011028944},
  series={CourseSmart Series},
  url={http://books.google.com/books?id=9MYjqz4ppXkC},
  year={2012},
  publisher={Wiley}
}

@article{anderson1970correction,
    title={Correction of bias in belt transect studies of immotile objects},
    author={Anderson, DR and Pospahala, RS},
    journal={The Journal of Wildlife Management},
    pages={141--146},
    year={1970},
    publisher={JSTOR}
}

@book{cover2006elements,
  title={Elements of Information Theory},
  author={Cover, T.M. and Thomas, J.A.},
  isbn={9780471748816},
  lccn={2005047799},
  series={A Wiley-Interscience publication},
  url={http://books.google.com/books?id=EuhBluW31hsC},
  year={2006},
  publisher={Wiley}
}
